<?xml version="1.0" encoding="UTF-8"?><collection xmlns="http://www.loc.gov/MARC21/slim"><record><leader>00439nam--2200121-i-4500</leader><controlfield tag="001">000018881</controlfield><controlfield tag="002">20161230</controlfield><controlfield tag="005">20161230201032</controlfield><controlfield tag="008">060222s1000------------r-----000-0-eng-d</controlfield><datafield ind1=" " ind2=" " tag="245"><subfield code="a">Energy transfer in radiation processes chemical, physical and biological aspects. proceedings of the international symposium held at cardiff, january, 1965</subfield></datafield><datafield ind1=" " ind2=" " tag="260"><subfield code="a">Amsterdam, Elsevier Publ.Co., 1966. Xi + 182p</subfield></datafield><datafield ind1=" " ind2=" " tag="700"><subfield code="a">Glyn, Phillips. O</subfield></datafield><datafield ind1=" " ind2=" " tag="852"><subfield code="a">24490</subfield></datafield></record></collection>